@misc{MapTapStackoverflow,
    title = {Add Marker on Android Google Map via Touch or Tap},
    author = {Stack Overflow},
    year = {2013},
    note = {Dostupné z: \url{https://stackoverflow.com/questions/17143129/add-marker-on-android-google-map-via-touch-or-tap}}
}

@misc{YouTubeTutorial,
    title = {Firebase + Google Maps Android Tutorial},
    author = {Programmer World},
    year = {2022},
    note = {Dostupné z: \url{https://www.youtube.com/watch?v=tZvjSl9dswg}}
}

@misc{GoogleMapAPI,
    title = {Implement Google Maps API in Android Studio},
    author = {Coding With T},
    year = {2021},
    note = {Dostupné z: \url{https://www.youtube.com/watch?v=JzxjNNCYt_o}}
}

@misc{MultiUserSimple,
    title = {Multi User Login Android Firebase - Basic},
    author = {Tech Projects},
    year = {2021},
    note = {Dostupné z: \url{https://www.youtube.com/watch?v=zSgrMVt_MFg}}
}

@misc{MultiUserAdvanced,
    title = {Advanced Multi User Firebase Authentication},
    author = {Code With Mazn},
    year = {2022},
    note = {Dostupné z: \url{https://www.youtube.com/watch?v=Nc_tu5Q8bSc&list=PLnisUReSm0-kNhfXJHymlIFeyGYHj87tP}}
}

@misc{FirebaseQuickStart,
    title = {Firebase Login and Registration - Quick Setup},
    author = {Tech With Tim},
    year = {2020},
    note = {Dostupné z: \url{https://www.youtube.com/watch?v=QAKq8UBv4GI}}
}

@misc{FirebaseDocs,
    title = {Firebase Authentication for Android - Password Sign-In},
    author = {Google Firebase},
    year = {2024},
    note = {Dostupné z: \url{https://firebase.google.com/docs/auth/android/password-auth\#java_2}}
}

@misc{FirebaseFirestoreFilter,
    title = {Firebase Firestore Filter - Kotlin Reference},
    author = {Google Firebase},
    year = {2024},
    note = {Dostupné z: \url{https://firebase.google.com/docs/reference/kotlin/com/google/firebase/firestore/Filter}}
}


@misc{ChatGPTHelp,
    author = {{OpenAI ChatGPT}},
    title = {Pomoc při vývoji aplikace SocioMap (algoritmus pro nejlepší událost, Google Sign-In)},
    year = {2025},
    note = {Osobní konzultace v rámci vývoje aplikace}
}

@misc{HaversineFormula,
    author = {Movable Type Scripts},
    title = {Calculate distance between two latitude-longitude points using Haversine Formula},
    year = {n.d.},
    note = {Dostupné z: \url{https://www.movable-type.co.uk/scripts/latlong.html}}
}
@misc{JavaDocs,
  title = {Java Platform, Standard Edition Documentation},
  author = {{Oracle}},
  year = {2025},
  note = {Dostupné z: \url{https://docs.oracle.com/en/java/javase/}},
}
@misc{GoogleMapsAPI,
  title = {Maps SDK for Android — Developer Guide},
  author = {Google Developers},
  year = {2025},
  note = {Dostupné z: \url{https://developers.google.com/maps/documentation/android-sdk/start}},
}
@misc{AndroidDatePicker,
  title = {DatePickerDialog | Android Developers},
  author = {Google Developers},
  year = {2025},
  note = {Dostupné z: \url{https://developer.android.com/reference/android/app/DatePickerDialog}},
}
@misc{MaterialComponents,
  title = {Material Components for Android},
  author = {Material Design},
  year = {2025},
  note = {Dostupné z: \url{https://m3.material.io/develop/android/overview}},
}

@misc{MapsAndroidBackend,
    title = {Maps Android Backend API},
    author = {Google Cloud},
    year = {2025},
    note = {Dostupné z: \url{https://console.cloud.google.com/apis/library/maps-android-backend.googleapis.com?inv=1&invt=Abtc7g&project=sociomap-455322}}
}
